<record><leader>00000cas a22000007a 4500</leader><controlfield tag="001">19844933</controlfield><controlfield tag="008">890610d18981901njuwr ne      0    0eng d</controlfield><datafield ind1=" " ind2=" " tag="010"><subfield code="a">sn 88071166 </subfield></datafield><datafield ind1=" " ind2=" " tag="040"><subfield code="a">NJW</subfield><subfield code="b">eng</subfield><subfield code="c">NJW</subfield><subfield code="d">OCLCQ</subfield></datafield><datafield ind1=" " ind2=" " tag="042"><subfield code="a">msc</subfield></datafield><datafield ind1="0" ind2="0" tag="245"><subfield code="a">Friday afternoon Orange advertiser.</subfield></datafield><datafield ind1="3" ind2="0" tag="246"><subfield code="a">Orange advertiser</subfield></datafield><datafield ind1=" " ind2=" " tag="260"><subfield code="a">Orange, N.J. :</subfield><subfield code="b">Fred C. Shann,</subfield><subfield code="c">-1901.</subfield></datafield><datafield ind1=" " ind2=" " tag="310"><subfield code="a">Weekly</subfield></datafield><datafield ind1="1" ind2=" " tag="362"><subfield code="a">Began in 1898.</subfield></datafield><datafield ind1="0" ind2=" " tag="362"><subfield code="a">-v. 3, no. 50 (Mar. 15, 1901).</subfield></datafield><datafield ind1=" " ind2=" " tag="588"><subfield code="a">Description based on: Vol. 1, no. 49 (Mar. 3, 1899).</subfield></datafield><datafield ind1=" " ind2=" " tag="752"><subfield code="a">United States</subfield><subfield code="b">New Jersey</subfield><subfield code="c">Essex</subfield><subfield code="d">Orange.</subfield></datafield><datafield ind1="0" ind2="0" tag="785"><subfield code="t">Orange advertiser</subfield><subfield code="w">(DLC)sn 89069124</subfield></datafield></record>